@ARTICLE{handwritingalgobook,
	AUTHOR = {Shashank Mathur},
	TITLE = {OFFLINE HANDWRITING RECOGNITION USING GENETIC ALGORITHM‚Äù},
	YEAR = {2008},
} 

@BOOK{data_managemenet_life_cycle,
	AUTHOR = {Kristi Millar},
	TITLE = {Data Management Life Cycle"},
	PUBLISHER = {McGraw-Hill},
	YEAR = {2018},
	edition = {1st Edition},
	pages = {5-12},
}

@BOOK{concept_of_database_mngmt,
	AUTHOR = {Shefali Naik},
	TITLE = {Concepts of Database Management Systems},
	PUBLISHER = {Pearson India},
	YEAR = {2013},
	edition = {7th Edition},
	pages = {Chapter - 2}},
}

@BOOK{sdlc_book,
	AUTHOR = {Vicor M Front Jr.},
	TITLE = {The Ultimate Guide to the SDLC},
	PUBLISHER = {FrontLine},
	YEAR = {2012},
	edition = {1st Edition},
	pages = {10-19, 29-45}},
}

@BOOK{testing_book,
	AUTHOR = {Dorothy Graham},
	TITLE = {Foundations of Software Testing},
	PUBLISHER = {Thompson},
	YEAR = {2018},
	edition = {3rf Edition},
}

@misc{mongodb,
	author = {MongoDB},
	title = {{MongoDB Manual"}},
	howpublished = "\url{https://docs.mongodb.com/manual/tutorial/getting-started/}",
	year = {2019}, 
	note = "[Online; accessed 16-April-2019]"
}

@misc{nodejs,
	author = {NodeJS},
	title = {{NodeJS Docs"}},
	howpublished = "\url{https://nodejs.org/en/docs/}",
	year = {2019}, 
	note = "[Online; accessed 16-April-2019]"
}

@misc{reactjs,
	author = {ReactJS},
	title = {{ReactJS Docs"}},
	howpublished = "\url{https://reactjs.org/docs/getting-started.html}",
	year = {2019}, 
	note = "[Online; accessed 16-April-2019]"
}

@misc{boxdetectionalgo,
	author = {Kanan Vyas},
	title = {{A Box detection algorithm for any image containing boxes."}},
	howpublished = "\url{https://link.medium.com/CtKT4OwToV}",
	year = {2018}, 
	note = "[Online; accessed 16-April-2019]"
}

@misc{bbcarticle,
	author = {Anu Anand},
	title = {{Blood for sale: India's illegal 'red market'"}},
	howpublished = "\url{https://www.bbc.com/news/business-30273994}",
	year = {2015}, 
	note = "[Online; accessed 16-April-2019]"
}

@misc{redcross,
	author = {RedCross},
	title = {{What Happens to Donated Blood"}},
	howpublished = "\url{http://fw.to/CRqd40b}",
	year = {2019}, 
	note = "[Online; accessed 16-April-2019]"
}

@misc{wiki_system_design,
	author = {Wikipedia},
	title = {{Systems design"}},
	howpublished = "\url{https://en.wikipedia.org/wiki/Systems_design}",
	year = {2018},
	note = "[Online; accessed 16-April-2019]"
}

@misc{uml_ref,
	author = {Noel Ceta},
	title = {{All You Need to Know About UML Diagrams"}},
	howpublished = "\url{https://tallyfy.com/uml-diagram/}",
	year = {2018}, 
	note = "[Online; accessed 16-April-2019]"
}

@misc{gfg_nosql,
	author = {Ayusharma0698},
	title = {{Introduction to NoSQL"}},
	howpublished = "\url{https://www.geeksforgeeks.org/introduction-to-nosql/}",
	year = {2018}, 
	note = "[Online; accessed 16-April-2019]"
}

@misc{wiki_wireframe,
	author = {Wikipedia},
	title = {{Website wireframe"}},
	howpublished = "\url{https://en.wikipedia.org/wiki/Website_wireframe}",
	year = {2019}, 
	note = "[Online; accessed 16-April-2019]"
}

@misc{medium_design_process,
	author = {Proto.io},
	title = {{Why Wireframes Are Important in the Design Process."}},
	howpublished = "\url{https://link.medium.com/vcQizFe7YV}",
	year = {2017}, 
	note = "[Online; accessed 16-April-2019]"
}